@article{baker2016measuring,
  title={Measuring economic policy uncertainty},
  author={Baker, Scott R. and Bloom, Nicholas and Davis, Steven J.},
  journal={The Quarterly Journal of Economics},
  volume={131},
  number={4},
  pages={1593--1636},
  year={2016},
  publisher={Oxford University Press}
}

@article{li2018national,
  title={National elections and tail risk: International evidence},
  author={Li, Qingyuan and Li, Si and Xu, Li},
  journal={Journal of Banking \& Finance},
  volume={88},
  pages={113--128},
  year={2018},
  publisher={Elsevier}
}

@article{jens2017political,
  title={Political uncertainty and investment: Causal evidence from {US} gubernatorial elections},
  author={Jens, Candace E.},
  journal={Journal of Financial Economics},
  volume={124},
  number={3},
  pages={563--579},
  year={2017},
  publisher={Elsevier}
}

@article{julio2012political,
  title={Political uncertainty and corporate investment cycles},
  author={Julio, Brandon and Yook, Youngsuk},
  journal={The Journal of Finance},
  volume={67},
  number={1},
  pages={45--83},
  year={2012},
  publisher={Wiley Online Library}
}

@article{waisman2015effect,
  title={The effect of political uncertainty on the cost of corporate debt},
  author={Waisman, Maya and Ye, Pengfei and Zhu, Yun},
  journal={Journal of Financial Stability},
  volume={16},
  pages={106--117},
  year={2015},
  publisher={Elsevier}
}

@article{bernanke1983irreversibility,
  title={Irreversibility, uncertainty, and cyclical investment},
  author={Bernanke, Ben S.},
  journal={The Quarterly Journal of Economics},
  volume={98},
  number={1},
  pages={85--106},
  year={1983},
  publisher={MIT Press}
}

@article{bloom2007uncertainty,
  title={Uncertainty and investment dynamics},
  author={Bloom, Nick and Bond, Stephen and Van Reenen, John},
  journal={The Review of Economic Studies},
  volume={74},
  number={2},
  pages={391--415},
  year={2007},
  publisher={Wiley-Blackwell}
}

@article{rodrik1991policy,
  title={Policy uncertainty and private investment in developing countries},
  author={Rodrik, Dani},
  journal={Journal of Development Economics},
  volume={36},
  pages={229--242},
  year={1991}
}

@article{pastor2012uncertainty,
  title={Uncertainty about government policy and stock prices},
  author={P{\'a}stor, {\v{L}}ubo{\v{s}} and Veronesi, Pietro},
  journal={The Journal of Finance},
  volume={67},
  number={4},
  pages={1219--1264},
  year={2012},
  publisher={Wiley Online Library}
}

@article{pastor2013political,
  title={Political uncertainty and risk premia},
  author={P{\'a}stor, {\v{L}}ubo{\v{s}} and Veronesi, Pietro},
  journal={Journal of Financial Economics},
  volume={110},
  number={3},
  pages={520--545},
  year={2013},
  publisher={Elsevier}
}

@article{julio2016policy,
  title={Policy uncertainty, irreversibility, and cross-border flows of capital},
  author={Julio, Brandon and Yook, Youngsuk},
  journal={Journal of International Economics},
  volume={103},
  pages={13--26},
  year={2016},
  publisher={Elsevier}
}

@article{bonaime2018,
  title = {Does policy uncertainty affect mergers and acquisitions?},
  journal = {Journal of Financial Economics},
  year = {2018},
  issn = {0304-405X},
  author = {Alice Bonaime and Huseyin Gulen and Mihai Ion},
}

@article{ccolak2017political,
  title={Political uncertainty and {IPO} activity: Evidence from {US} gubernatorial elections},
  author={{\c{C}}olak, G{\"o}n{\"u}l and Durnev, Art and Qian, Yiming},
  journal={Journal of Financial and Quantitative Analysis},
  volume={52},
  number={6},
  pages={2523--2564},
  year={2017},
  publisher={Cambridge University Press}
}

@article{khwaja2005lenders,
  title={Do lenders favor politically connected firms? {R}ent provision in an emerging financial market},
  author={Khwaja, Asim Ijaz and Mian, Atif},
  journal={The Quarterly Journal of Economics},
  volume={120},
  number={4},
  pages={1371--1411},
  year={2005},
  publisher={MIT Press}
}

@article{sapienza2004effects,
  title={The effects of government ownership on bank lending},
  author={Sapienza, Paola},
  journal={Journal of Financial Economics},
  volume={72},
  number={2},
  pages={357--384},
  year={2004},
  publisher={Elsevier}
}

@techreport{chavaz2016political,
 title = {Political borders and bank lending in post-crisis {A}merica},
 author = "Matthieu Chavaz and Andrew K. Rose",
 institution = "National Bureau of Economic Research",
 type = "Working paper",
 series = "Working paper series",
 number = "22806",
 year = "2016",
 month = {November}
}

@article{dincc2005politicians,
  title={Politicians and banks: Political influences on government-owned banks in emerging markets},
  author={Din{\c{c}}, I. Serdar},
  journal={Journal of Financial Economics},
  volume={77},
  number={2},
  pages={453--479},
  year={2005},
  publisher={Elsevier}
}

@article{diamond1983bank,
  title={Bank runs, deposit insurance, and liquidity},
  author={Diamond, Douglas W. and Dybvig, Philip H.},
  journal={Journal of Political Economy},
  volume={91},
  number={3},
  pages={401--419},
  year={1983},
  publisher={The University of Chicago Press}
}

@article{jacklin1988distinguishing,
  title={Distinguishing panics and information-based bank runs: Welfare and policy implications},
  author={Jacklin, Charles J. and Bhattacharya, Sudipto},
  journal={Journal of Political Economy},
  volume={96},
  number={3},
  pages={568--592},
  year={1988},
  publisher={The University of Chicago Press}
}

@article{calomiris1991role,
  title={The role of demandable debt in structuring optimal banking arrangements},
  author={Calomiris, Charles W. and Kahn, Charles M.},
  journal={The American Economic Review},
  pages={497--513},
  year={1991},
  publisher={JSTOR}
}

@article{martinez2001depositors,
  title={Do depositors punish banks for bad behavior? {M}arket discipline, deposit insurance, and banking crises},
  author={Martinez Peria, Maria Soledad and Schmukler, Sergio L.},
  journal={The Journal of Finance},
  volume={56},
  number={3},
  pages={1029--1051},
  year={2001},
  publisher={Wiley Online Library}
}

@article{levy2010depositor,
  title={Depositor behavior under macroeconomic risk: Evidence from bank runs in emerging economies},
  author={Levy-Yeyati, Eduardo and Martinez Peria, Maria Soledad and Schmukler, Sergio L.},
  journal={Journal of Money, Credit and Banking},
  volume={42},
  number={4},
  pages={585--614},
  year={2010},
  publisher={Wiley Online Library}
}

@article{nordhaus1975political,
  title={The political business cycle},
  author={Nordhaus, William D},
  journal={The Review of Economic Studies},
  volume={42},
  number={2},
  pages={169--190},
  year={1975},
  publisher={JSTOR}
}

@techreport{bertrand2007politicians,
  title={Politicians, firms and the political business cycle: Evidence from {F}rance},
  author={Bertrand, Marianne and Kramarz, Francis and Schoar, Antoinette and Thesmar, David},
  type={Working Paper},
  institution =  {University of Chicago},
  year={2007}
}

@article{drazen2000political,
  title={The political business cycle after 25 years},
  author={Drazen, Allan},
  journal={NBER Macroeconomics Annual},
  volume={15},
  pages={75--117},
  year={2000},
  publisher={MIT Press}
}

@article{arellano1991some,
  title="Some tests of specification for panel data: {M}onte {C}arlo evidence and an application to employment equations",
  author={Arellano, Manuel and Bond, Stephen},
  journal={The Review of Economic Studies},
  volume={58},
  number={2},
  pages={277--297},
  year={1991},
  publisher={Wiley-Blackwell}
}

@book{wooldridge2010econometric,
  title={Econometric analysis of cross section and panel data},
  author={Wooldridge, Jeffrey M},
  year={2010},
  publisher={MIT press}
}

@article{roodman2009m,
  title={How to do xtabond2: an introduction to difference and system {GMM} in {S}tata},
  author={Roodman, David},
  journal={The Stata Journal},
  volume={91},
  pages={86--136},
  year={2009}
}

@misc{dpi2017,
  title = {Database of {P}olitical {I}nstitutions 2017},
  author = {Cruz, Sesi and Keefer, Philip and Scartascini, Carlos},
  howpublished = "Inter-American Development Bank. Numbers for Development",
  year = {2018},
  note = {Available at: \url{https://mydata.iadb.org/Reform-Modernization-of-the-State/Database-of-Political-Institutions-2017/938i-s2bw}}
}

@article{durnev2010real,
  title={The real effects of political uncertainty: Elections and investment sensitivity to stock prices},
  author={Durnev, Art},
  year={2010},
  note={Available at SSRN: \url{https://ssrn.com/abstract=1549714 or http://dx.doi.org/10.2139/ssrn.1549714}}
}

@misc{henisz2002,
  title = {The political constraint index (polcon) dataset},
  author = {Henisz, Witold J.},
  year = {2002},
  note = {Available at: \url{https://mgmt.wharton.upenn.edu/profile/1327}}
}

@techreport{laeven2012systemic,
  title={Systemic banking crises database: An update},
  author={Laeven, Luc and Valencia, Fabian},
  year={2012},
  institution = "International Monetary Fund",
  type = "Working paper",
  number = "12/163"
}
  
@misc{qogdata,
  author = {Teorell, Jan and Stefan Dahlberg and Sören Holmberg and Bo Rothstein and Natalia Alvarado Pachon and Richard Svensson},
  title = {The {Q}uality of {G}overnment {S}tandard {D}ataset, version {Jan18}},
  note = "University of Gothenburg: The Quality of Government Institute, \url{http://www.qog.pol.gu.se doi:10.18157/QoGStdJan18}",
  year = "2018"
}

@techreport{depinsurance,
 title = "Deposit Insurance Database",
 author = "Asli Demirgüç-Kunt and Edward J. Kane and Luc Laeven",
 institution = "National Bureau of Economic Research",
 type = "Working Paper",
 series = "Working Paper Series",
 number = "20278",
 year = "2014",
 month = "July",
 doi = {10.3386/w20278},
 URL = "http://www.nber.org/papers/w20278"
}

@misc{brancati2014global,
  title={Global {E}lections {D}atabase [computer file]},
  author={Brancati, Dawn},
  howpublished={New York: Global Elections Database [distributor]. Date Accessed 13/05/2018},
  note = {Website: \url{http://www.globalelectionsdatabase.com}}
}

@article{braggion2017nothing,
  title={Nothing Special About Banks: Competition and Bank Lending in Britain, 1885--1925},
  author={Braggion, Fabio and Dwarkasing, Narly and Moore, Lyndon},
  journal={The Review of Financial Studies},
  volume={30},
  number={10},
  pages={3502--3537},
  year={2017},
  publisher={Oxford University Press}
}

@article{beck2004bank,
  title={Bank competition and access to finance: International evidence},
  author={Beck, Thorsten and Demirg{\"u}{\c{c}}-Kunt, Asli and Maksimovic, Vojislav},
  journal={Journal of Money, Credit and Banking},
  pages={627--648},
  year={2004},
  publisher={JSTOR}
}

@article{petersen1994benefits,
  title={The benefits of lending relationships: Evidence from small business data},
  author={Petersen, Mitchell A and Rajan, Raghuram G},
  journal={The Journal of Finance},
  volume={49},
  number={1},
  pages={3--37},
  year={1994},
  publisher={Wiley Online Library}
}

@article{loayza2007macroeconomic,
  title={Macroeconomic volatility and welfare in developing countries: An introduction},
  author={Loayza, Norman V and Ranciere, Romain and Serv{\'e}n, Luis and Ventura, Jaume},
  journal={The World Bank Economic Review},
  volume={21},
  number={3},
  pages={343--357},
  year={2007},
  publisher={Oxford University Press}
}

@article{garcia2010real,
  title={Real business cycles in emerging countries?},
  author={Garcia-Cicco, Javier and Pancrazi, Roberto and Uribe, Martin},
  journal={American Economic Review},
  volume={100},
  number={5},
  pages={2510--31},
  year={2010}
}

@article{asli2002deposit,
  title={Deposit insurance around the globe: Where does it work?},
  author={Demirg{\"u}{\c{c}}-Kunt, Asli and Kane, Edward J},
  journal={Journal of Economic Perspectives},
  volume={16},
  number={2},
  pages={175--195},
  year={2002}
}

@article{windmeijer2005finite,
  title={A finite sample correction for the variance of linear efficient two-step GMM estimators},
  author={Windmeijer, Frank},
  journal={Journal of Econometrics},
  volume={126},
  number={1},
  pages={25--51},
  year={2005},
  publisher={Elsevier}
}

@article{roodman2009note,
  title={A note on the theme of too many instruments},
  author={Roodman, David},
  journal={Oxford Bulletin of Economics and Statistics},
  volume={71},
  number={1},
  pages={135--158},
  year={2009},
  publisher={Wiley Online Library}
}

@article{flannery2013estimating,
  title={Estimating dynamic panel models in corporate finance},
  author={Flannery, Mark J and Hankins, Kristine Watson},
  journal={Journal of Corporate Finance},
  volume={19},
  pages={1--19},
  year={2013},
  publisher={Elsevier}
}

@misc{cull2012,
  title = {Financial Inclusion and Stability: What Does Research Show?},
  author = {Cull, Robert and Aslı Demirgüç-Kunt and Lyman, Timothy},
  howpublished = "CGAP Brief. Washington, DC: World Bank",
  year = {2018},
  note = {Available at: \url{https://openknowledge.worldbank.org/handle/10986/9443}}
}

@misc{han2013,
  title = {Financial Inclusion for Financial Stability: Access to Bank Deposits and the Growth of Deposits in the Global Financial Crisis},
  author = {Han, Rui and Melecky, Martin},
  howpublished = {World Bank Policy Research Working Paper No. 6577},
  year = {2013},
  note = {Available at SSRN: \url{https://ssrn.com/abstract=2312982}}
}